<record><leader>00000cas a22000007a 4500</leader><controlfield tag="001">12717686</controlfield><controlfield tag="008">851025d18uu1uuuwiudr ne      0    0eng d</controlfield><datafield ind1=" " ind2=" " tag="010"><subfield code="a">sn 85041276 </subfield></datafield><datafield ind1=" " ind2=" " tag="040"><subfield code="a">NPV</subfield><subfield code="b">eng</subfield><subfield code="c">NPV</subfield><subfield code="d">OCLCQ</subfield></datafield><datafield ind1=" " ind2=" " tag="042"><subfield code="a">msc</subfield></datafield><datafield ind1=" " ind2=" " tag="045"><subfield code="a">w---</subfield></datafield><datafield ind1=" " ind2=" " tag="052"><subfield code="a">4123</subfield><subfield code="b">E2</subfield></datafield><datafield ind1="0" ind2=" " tag="130"><subfield code="a">Evening free press (Eau Claire, Wis.)</subfield></datafield><datafield ind1="1" ind2="4" tag="245"><subfield code="a">The evening free press.</subfield></datafield><datafield ind1=" " ind2=" " tag="260"><subfield code="a">Eau Claire, Wis. :</subfield><subfield code="b">H.C. Ashbaugh</subfield></datafield><datafield ind1=" " ind2=" " tag="300"><subfield code="a">v. :</subfield><subfield code="b">ill. (chiefly advertisements)</subfield></datafield><datafield ind1=" " ind2=" " tag="310"><subfield code="a">Daily</subfield></datafield><datafield ind1=" " ind2=" " tag="530"><subfield code="a">Available on microfilm from the State Historical Society of Wisconsin.</subfield></datafield><datafield ind1=" " ind2=" " tag="588"><subfield code="a">Description based on: Nineteenth year, no. 233 (Oct. 1, 1891).</subfield></datafield><datafield ind1=" " ind2=" " tag="752"><subfield code="a">United States</subfield><subfield code="b">Wisconsin</subfield><subfield code="c">Eau Claire</subfield><subfield code="d">Eau Claire.</subfield></datafield></record>